@article{ward2017brain,
  title={Brain drain: the mere presence of oneâ€™s own smartphone reduces available cognitive capacity},
  author={Ward, Adrian F and Duke, Kristen and Gneezy, Ayelet and Bos, Maarten W},
  journal={Journal of the Association for Consumer Research},
  volume={2},
  number={2},
  pages={140--154},
  year={2017},
  publisher={University of Chicago Press Chicago, IL}
}

@article{twenge2017have,
  title={Have smartphones destroyed a generation},
  author={Twenge, Jean M},
  journal={The Atlantic},
  volume={3},
  year={2017}
}

@article{bian2015linking,
  title={Linking loneliness, shyness, smartphone addiction symptoms, and patterns of smartphone use to social capital},
  author={Bian, Mengwei and Leung, Louis},
  journal={Social Science Computer Review},
  volume={33},
  number={1},
  pages={61--79},
  year={2015},
  publisher={Sage Publications Sage CA: Los Angeles, CA}
}



@book{brod1984technostress,
  title={Technostress: The human cost of the computer revolution},
  author={Brod, Craig},
  year={1984},
  publisher={Addison Wesley Publishing Company}
}



@article{lee2014dark,
  title={The dark side of smartphone usage: Psychological traits, compulsive behavior and technostress},
  author={Lee, Yu-Kang and Chang, Chun-Tuan and Lin, You and Cheng, Zhao-Hong},
  journal={Computers in human behavior},
  volume={31},
  pages={373--383},
  year={2014},
  publisher={Elsevier}
}

@article{van2015modeling,
  title={Modeling habitual and addictive smartphone behavior: The role of smartphone usage types, emotional intelligence, social stress, self-regulation, age, and gender},
  author={Van Deursen, Alexander JAM and Bolle, Colin L and Hegner, Sabrina M and Kommers, Piet AM},
  journal={Computers in human behavior},
  volume={45},
  pages={411--420},
  year={2015},
  publisher={Elsevier}
}



@article{lopez2014prevalence,
  title={Prevalence of problematic mobile phone use in British adolescents},
  author={Lopez-Fernandez, Olatz and Honrubia-Serrano, Luisa and Freixa-Blanxart, Montserrat and Gibson, Will},
  journal={CyberPsychology, Behavior, and social networking},
  volume={17},
  number={2},
  pages={91--98},
  year={2014},
  publisher={Mary Ann Liebert, Inc. 140 Huguenot Street, 3rd Floor New Rochelle, NY 10801 USA}
}

@article{lee2016dependency,
  title={Dependency on smartphone use and its association with anxiety in Korea},
  author={Lee, Kyung Eun and Kim, Si-Heon and Ha, Tae-Yang and Yoo, Young-Myong and Han, Jai-Jun and Jung, Jae-Hyuk and Jang, Jae-Yeon},
  journal={Public Health Reports},
  volume={131},
  number={3},
  pages={411--419},
  year={2016},
  publisher={SAGE Publications Sage CA: Los Angeles, CA}
}

@article{davey2014assessment,
  title={Assessment of smartphone addiction in Indian adolescents: a mixed method study by systematic-review and meta-analysis approach},
  author={Davey, Sanjeev and Davey, Anuradha},
  journal={International Journal of Preventive Medicine},
  volume={5},
  number={12},
  pages={1500},
  year={2014},
  publisher={Wolters Kluwer--Medknow Publications}
}

@article{merlo2013measuring,
  title={Measuring problematic mobile phone use: development and preliminary psychometric properties of the PUMP scale},
  author={Merlo, Lisa J and Stone, Amanda M and Bibbey, Alex},
  journal={Journal of addiction},
  volume={2013},
  year={2013},
  publisher={Hindawi Publishing Corporation}
}

@article{eduardo2012mobile,
  title={Mobile phone abuse or addiction. A review of the literature},
  author={Eduardo, Pedrero Perez and Teresa, Mar{\'i}a and Monje, Rodr{\'i}guez and Mar{\'i}a, Jose and Sanchez, Ruiz and Le{\'o}n, De},
  journal={Adicciones},
  volume={24},
  number={2},
  year={2012},
  publisher={Socidrogalcohol}
}

@article{koo2014risk,
  title={Risk and protective factors of Internet addiction: a meta-analysis of empirical studies in Korea},
  author={Koo, Hoon Jung and Kwon, Jung-Hye},
  journal={Yonsei medical journal},
  volume={55},
  number={6},
  pages={1691--1711},
  year={2014}
}



@article{lee2013relationship,
  title={The relationship between smartphone usage time and physical and mental health of university students},
  author={Lee, Bokim and Kim, Sun-Woon and Kim, Yoo-Jin and Bae, Ja-Young and Woo, Sung-Kyung and Woo, Hae-Na and Lee, So-Mi and Lee, Su-Yeon and Jung, Mi-Gyeung and Choi, Go-Eun},
  journal={Journal of the Korean Society of School Health},
  volume={26},
  number={1},
  pages={45--53},
  year={2013},
  publisher={The Korean Society of School Health}
}

@article{choi2012influence,
  title={The influence of smartphone addiction on mental health, campus life and personal relations-Focusing on K university students},
  author={Choi, Hyun-Seok and Lee, Hyun-Kyung and Ha, Jeong-Cheol},
  journal={Journal of the Korean Data and Information Science Society},
  volume={23},
  number={5},
  pages={1005--1015},
  year={2012},
  publisher={Korean Data and Information Science Society}
}

@inproceedings{wang2014studentlife,
  title={StudentLife: assessing mental health, academic performance and behavioral trends of college students using smartphones},
  author={Wang, Rui and Chen, Fanglin and Chen, Zhenyu and Li, Tianxing and Harari, Gabriella and Tignor, Stefanie and Zhou, Xia and Ben-Zeev, Dror and Campbell, Andrew T},
  booktitle={Proceedings of the 2014 ACM international joint conference on pervasive and ubiquitous computing},
  pages={3--14},
  year={2014},
  organization={ACM}
}


@book{buzsaki2006rhythms,
  title={Rhythms of the Brain},
  author={Buzsaki, Gyorgy},
  year={2006},
  publisher={Oxford University Press}
}
