@article{ward2017brain,
  title={Brain drain: the mere presence of one’s own smartphone reduces available cognitive capacity},
  author={Ward, Adrian F and Duke, Kristen and Gneezy, Ayelet and Bos, Maarten W},
  journal={Journal of the Association for Consumer Research},
  volume={2},
  number={2},
  pages={140--154},
  year={2017},
  publisher={University of Chicago Press Chicago, IL}
}

@article{twenge2017have,
  title={Have smartphones destroyed a generation},
  author={Twenge, Jean M},
  journal={The Atlantic},
  volume={3},
  year={2017}
}

@article{bian2015linking,
  title={Linking loneliness, shyness, smartphone addiction symptoms, and patterns of smartphone use to social capital},
  author={Bian, Mengwei and Leung, Louis},
  journal={Social Science Computer Review},
  volume={33},
  number={1},
  pages={61--79},
  year={2015},
  publisher={Sage Publications Sage CA: Los Angeles, CA}
}



@book{brod1984technostress,
  title={Technostress: The human cost of the computer revolution},
  author={Brod, Craig},
  year={1984},
  publisher={Addison Wesley Publishing Company}
}



@article{lee2014dark,
  title={The dark side of smartphone usage: Psychological traits, compulsive behavior and technostress},
  author={Lee, Yu-Kang and Chang, Chun-Tuan and Lin, You and Cheng, Zhao-Hong},
  journal={Computers in human behavior},
  volume={31},
  pages={373--383},
  year={2014},
  publisher={Elsevier}
}

@article{van2015modeling,
  title={Modeling habitual and addictive smartphone behavior: The role of smartphone usage types, emotional intelligence, social stress, self-regulation, age, and gender},
  author={Van Deursen, Alexander JAM and Bolle, Colin L and Hegner, Sabrina M and Kommers, Piet AM},
  journal={Computers in human behavior},
  volume={45},
  pages={411--420},
  year={2015},
  publisher={Elsevier}
}



@article{lopez2014prevalence,
  title={Prevalence of problematic mobile phone use in British adolescents},
  author={Lopez-Fernandez, Olatz and Honrubia-Serrano, Luisa and Freixa-Blanxart, Montserrat and Gibson, Will},
  journal={CyberPsychology, Behavior, and social networking},
  volume={17},
  number={2},
  pages={91--98},
  year={2014},
  publisher={Mary Ann Liebert, Inc. 140 Huguenot Street, 3rd Floor New Rochelle, NY 10801 USA}
}

@article{lee2016dependency,
  title={Dependency on smartphone use and its association with anxiety in Korea},
  author={Lee, Kyung Eun and Kim, Si-Heon and Ha, Tae-Yang and Yoo, Young-Myong and Han, Jai-Jun and Jung, Jae-Hyuk and Jang, Jae-Yeon},
  journal={Public Health Reports},
  volume={131},
  number={3},
  pages={411--419},
  year={2016},
  publisher={SAGE Publications Sage CA: Los Angeles, CA}
}

@article{davey2014assessment,
  title={Assessment of smartphone addiction in Indian adolescents: a mixed method study by systematic-review and meta-analysis approach},
  author={Davey, Sanjeev and Davey, Anuradha},
  journal={International Journal of Preventive Medicine},
  volume={5},
  number={12},
  pages={1500},
  year={2014},
  publisher={Wolters Kluwer--Medknow Publications}
}

@article{merlo2013measuring,
  title={Measuring problematic mobile phone use: development and preliminary psychometric properties of the PUMP scale},
  author={Merlo, Lisa J and Stone, Amanda M and Bibbey, Alex},
  journal={Journal of addiction},
  volume={2013},
  year={2013},
  publisher={Hindawi Publishing Corporation}
}

@article{eduardo2012mobile,
  title={Mobile phone abuse or addiction. A review of the literature},
  author={Eduardo, Pedrero Perez and Teresa, Mar{\'i}a and Monje, Rodr{\'i}guez and Mar{\'i}a, Jose and Sanchez, Ruiz and Le{\'o}n, De},
  journal={Adicciones},
  volume={24},
  number={2},
  year={2012},
  publisher={Socidrogalcohol}
}

@article{koo2014risk,
  title={Risk and protective factors of Internet addiction: a meta-analysis of empirical studies in Korea},
  author={Koo, Hoon Jung and Kwon, Jung-Hye},
  journal={Yonsei medical journal},
  volume={55},
  number={6},
  pages={1691--1711},
  year={2014}
}



@article{lee2013relationship,
  title={The relationship between smartphone usage time and physical and mental health of university students},
  author={Lee, Bokim and Kim, Sun-Woon and Kim, Yoo-Jin and Bae, Ja-Young and Woo, Sung-Kyung and Woo, Hae-Na and Lee, So-Mi and Lee, Su-Yeon and Jung, Mi-Gyeung and Choi, Go-Eun},
  journal={Journal of the Korean Society of School Health},
  volume={26},
  number={1},
  pages={45--53},
  year={2013},
  publisher={The Korean Society of School Health}
}

@article{choi2012influence,
  title={The influence of smartphone addiction on mental health, campus life and personal relations-Focusing on K university students},
  author={Choi, Hyun-Seok and Lee, Hyun-Kyung and Ha, Jeong-Cheol},
  journal={Journal of the Korean Data and Information Science Society},
  volume={23},
  number={5},
  pages={1005--1015},
  year={2012},
  publisher={Korean Data and Information Science Society}
}

@inproceedings{wang2014studentlife,
  title={StudentLife: assessing mental health, academic performance and behavioral trends of college students using smartphones},
  author={Wang, Rui and Chen, Fanglin and Chen, Zhenyu and Li, Tianxing and Harari, Gabriella and Tignor, Stefanie and Zhou, Xia and Ben-Zeev, Dror and Campbell, Andrew T},
  booktitle={Proceedings of the 2014 ACM international joint conference on pervasive and ubiquitous computing},
  pages={3--14},
  year={2014},
  organization={ACM}
}


@book{buzsaki2006rhythms,
  title={Rhythms of the Brain},
  author={Buzsaki, Gyorgy},
  year={2006},
  publisher={Oxford University Press}
}


@article{basics2016understanding,
  title={Understanding sleep},
  author={Basics, Brain},
  journal={National Institute of Neurological Disorders and Stroke (NINDS)},
  year={2016}
}

@article{hauri1973alpha,
  title={Alpha-delta sleep},
  author={Hauri, Peter and Hawkins, David R},
  journal={Electroencephalography and clinical Neurophysiology},
  volume={34},
  number={3},
  pages={233--237},
  year={1973},
  publisher={Elsevier}
}

@article{samaha2016relationships,
  title={Relationships among smartphone addiction, stress, academic performance, and satisfaction with life},
  author={Samaha, Maya and Hawi, Nazir S},
  journal={Computers in Human Behavior},
  volume={57},
  pages={321--325},
  year={2016},
  publisher={Elsevier}
}

@article{haug2015smartphone,
  title={Smartphone use and smartphone addiction among young people in Switzerland},
  author={Haug, Severin and Castro, Raquel Paz and Kwon, Min and Filler, Andreas and Kowatsch, Tobias and Schaub, Michael P},
  journal={Journal of behavioral addictions},
  volume={4},
  number={4},
  pages={299--307},
  year={2015},
  publisher={Akad{\'e}miai Kiad{\'o} Budapest}
}

@article{mok2014latent,
  title={Latent class analysis on internet and smartphone addiction in college students},
  author={Mok, Jung-Yeon and Choi, Sam-Wook and Kim, Dai-Jin and Choi, Jung-Seok and Lee, Jaewon and Ahn, Heejune and Choi, Eun-Jeung and Song, Won-Young},
  journal={Neuropsychiatric disease and treatment},
  volume={10},
  pages={817},
  year={2014},
  publisher={Dove Press}
}



@article{lin2015time,
  title={Time distortion associated with smartphone addiction: Identifying smartphone addiction via a mobile application (App)},
  author={Lin, Yu-Hsuan and Lin, Yu-Cheng and Lee, Yang-Han and Lin, Po-Hsien and Lin, Sheng-Hsuan and Chang, Li-Ren and Tseng, Hsien-Wei and Yen, Liang-Yu and Yang, Cheryl CH and Kuo, Terry BJ},
  journal={Journal of psychiatric research},
  volume={65},
  pages={139--145},
  year={2015},
  publisher={Elsevier}
}

@article{lin2017incorporation,
  title={Incorporation of Mobile Application (App) Measures Into the Diagnosis of Smartphone Addiction.},
  author={Lin, Yu-Hsuan and Lin, Po-Hsien and Chiang, Chih-Lin and Lee, Yang-Han and Yang, Cheryl CH and Kuo, Terry BJ and Lin, Sheng-Hsuan},
  journal={The Journal of clinical psychiatry},
  volume={78},
  number={7},
  pages={866--872},
  year={2017}
}


@article{twenge2018increases,
  title={Increases in depressive symptoms, suicide-related outcomes, and suicide rates among US adolescents after 2010 and links to increased new media screen time},
  author={Twenge, Jean M and Joiner, Thomas E and Rogers, Megan L and Martin, Gabrielle N},
  journal={Clinical Psychological Science},
  volume={6},
  number={1},
  pages={3--17},
  year={2018},
  publisher={Sage Publications Sage CA: Los Angeles, CA}
}

@article{international2011iarc,
  title={IARC classifies radiofrequency electromagnetic fields as possibly carcinogenic to humans},
  author={International Agency for Research on Cancer and others},
  journal={Press release},
  volume={208},
  year={2011}
}

@book{perlow2012sleeping,
  title={Sleeping with your smartphone: How to break the 24/7 habit and change the way you work},
  author={Perlow, Leslie A},
  year={2012},
  publisher={Harvard Business Press}
}

@article{grant2016expanding,
  title={Expanding the definition of addiction: DSM-5 vs. ICD-11},
  author={Grant, Jon E and Chamberlain, Samuel R},
  journal={CNS spectrums},
  volume={21},
  number={4},
  pages={300--303},
  year={2016},
  publisher={Cambridge University Press}
}

@article{young2004internet,
  title={Internet addiction: A new clinical phenomenon and its consequences},
  author={Young, Kimberly S},
  journal={American behavioral scientist},
  volume={48},
  number={4},
  pages={402--415},
  year={2004},
  publisher={Sage Publications Sage CA: Thousand Oaks, CA}
}

@misc{sussman2011considering,
  title={Considering the definition of addiction},
  author={Sussman, Steve and Sussman, Alan N},
  year={2011},
  publisher={Molecular Diversity Preservation International}
}




@article{rebold2016impact,
  title={The impact of cell phone texting on the amount of time spent exercising at different intensities},
  author={Rebold, Michael J and Sheehan, Timothy and Dirlam, Matthew and Maldonado, Taylor and O'Donnell, Deanna},
  journal={Computers in Human Behavior},
  volume={55},
  pages={167--171},
  year={2016},
  publisher={Elsevier}
}

@article{kim2015relationship,
  title={The relationship between smartphone use and subjective musculoskeletal symptoms and university students},
  author={Kim, Hyo-Jeong and Kim, Jin-Seop},
  journal={Journal of physical therapy science},
  volume={27},
  number={3},
  pages={575--579},
  year={2015},
  publisher={The Society of Physical Therapy Science}
}

@article{korpinen2013self,
  title={Self-reported neck symptoms and use of personal computers, laptops and cell phones among Finns aged 18--65},
  author={Korpinen, Leena and P{\"a}{\"a}kk{\"o}nen, Rauno and Gobba, Fabriziomaria},
  journal={Ergonomics},
  volume={56},
  number={7},
  pages={1134--1146},
  year={2013},
  publisher={Taylor \& Francis}
}

@article{white2004risk,
  title={Risk perceptions of mobile phone use while driving},
  author={White, Mathew P and Eiser, J Richard and Harris, Peter R},
  journal={Risk Analysis: An International Journal},
  volume={24},
  number={2},
  pages={323--334},
  year={2004},
  publisher={Wiley Online Library}
}

@article{inal2015effects,
  title={Effects of smartphone overuse on hand function, pinch strength, and the median nerve},
  author={{\.I}Nal, Esra Erkol and Demirci, Kadir and {\c{C}}et{\.I}nt{\"u}rk, Az{\.I}ze and Akg{\"o}n{\"u}l, Mehmet and Sava{\c{s}}, Serp{\.I}l},
  journal={Muscle \& nerve},
  volume={52},
  number={2},
  pages={183--188},
  year={2015},
  publisher={Wiley Online Library}
}



@article{hawi2016excel,
  title={To excel or not to excel: Strong evidence on the adverse effect of smartphone addiction on academic performance},
  author={HAWi, Nazir S and Samaha, Maya},
  journal={Computers \& Education},
  volume={98},
  pages={81--89},
  year={2016},
  publisher={Elsevier}
}

@article{felisoni2018cell,
  title={Cell phone usage and academic performance: An experiment},
  author={Felisoni, Daniel Darghan and Godoi, Alexandra Strommer},
  journal={Computers \& Education},
  volume={117},
  pages={175--187},
  year={2018},
  publisher={Elsevier}
}

@article{kibona2015smartphones,
  title={Smartphones’ effects on academic performance of higher learning students},
  author={Kibona, Lusekelo and Mgaya, Gervas},
  journal={Journal of Multidisciplinary Engineering Science and Technology},
  volume={2},
  number={4},
  pages={777--784},
  year={2015}
}

@article{alfawareh2014smartphones,
  title={SMARTPHONES USAGE AMONG UNIVERSITY STUDENTS: NAJRAN UNIVERSITY CASE.},
  author={Alfawareh, Hejab M and Jusoh, Shaidah},
  journal={International Journal of Academic Research},
  volume={6},
  number={2},
  year={2014}
}

@article{kibona2015review,
  title={A review on the impact of smartphones on academic performance of students in higher learning institutions in Tanzania},
  author={Kibona, Lusekelo and Rugina, Juma Mdimu},
  journal={Journal of Multidisciplinary Engineering Science and Technology},
  volume={2},
  number={4},
  pages={673--677},
  year={2015}
}


@article{da1991neural,
  title={Neural mechanisms underlying brain waves: from neural membranes to networks},
  author={da Silva, Fernando Lopes},
  journal={Electroencephalography and clinical neurophysiology},
  volume={79},
  number={2},
  pages={81--93},
  year={1991},
  publisher={Elsevier}
}

@article{sigl1994introduction,
  title={An introduction to bispectral analysis for the electroencephalogram},
  author={Sigl, Jeffrey C and Chamoun, Nassib G},
  journal={Journal of clinical monitoring},
  volume={10},
  number={6},
  pages={392--404},
  year={1994},
  publisher={Springer}
}

@misc{ulmer1996process,
  title={Process and device for eye movement analysis},
  author={Ulmer, Erik and Guillemant, Philippe},
  year={1996},
  month=sep # "~17",
  publisher={Google Patents},
  note={US Patent 5,555,895}
}



@inproceedings{ko2015nugu,
  title={NUGU: a group-based intervention app for improving self-regulation of limiting smartphone use},
  author={Ko, Minsam and Yang, Subin and Lee, Joonwon and Heizmann, Christian and Jeong, Jinyoung and Lee, Uichin and Shin, Daehee and Yatani, Koji and Song, Junehwa and Chung, Kyong-Mee},
  booktitle={Proceedings of the 18th ACM conference on computer supported cooperative work \& social computing},
  pages={1235--1245},
  year={2015},
  organization={ACM}
}

@inproceedings{ko2015familync,
  title={FamiLync: facilitating participatory parental mediation of adolescents' smartphone use},
  author={Ko, Minsam and Choi, Seungwoo and Yang, Subin and Lee, Joonwon and Lee, Uichin},
  booktitle={Proceedings of the 2015 ACM International Joint Conference on Pervasive and Ubiquitous Computing},
  pages={867--878},
  year={2015},
  organization={ACM}
}

@article{howells2016putting,
  title={Putting the ‘app’in happiness: a randomised controlled trial of a smartphone-based mindfulness intervention to enhance wellbeing},
  author={Howells, Annika and Ivtzan, Itai and Eiroa-Orosa, Francisco Jose},
  journal={Journal of Happiness Studies},
  volume={17},
  number={1},
  pages={163--185},
  year={2016},
  publisher={Springer}
}


@article{lee2016design,
  title={Design, development and implementation of a smartphone overdependence management system for the self-control of smart devices},
  author={Lee, Seo-Joon and Rho, Mi and Yook, In and Park, Seung-Ho and Jang, Kwang-Soo and Park, Bum-Joon and Lee, Ook and Lee, Dong and Kim, Dai-Jin and Choi, In},
  journal={Applied Sciences},
  volume={6},
  number={12},
  pages={440},
  year={2016},
  publisher={Multidisciplinary Digital Publishing Institute}
}

@inproceedings{lochtefeld2013appdetox,
  title={AppDetox: helping users with mobile app addiction},
  author={L{\"o}chtefeld, Markus and B{\"o}hmer, Matthias and Ganev, Lyubomir},
  booktitle={Proceedings of the 12th international conference on mobile and ubiquitous multimedia},
  pages={43},
  year={2013},
  organization={ACM}
}

@inproceedings{ko2016lock,
  title={Lock n'LoL: group-based limiting assistance app to mitigate smartphone distractions in group activities},
  author={Ko, Minsam and Choi, Seungwoo and Yatani, Koji and Lee, Uichin},
  booktitle={Proceedings of the 2016 CHI Conference on Human Factors in Computing Systems},
  pages={998--1010},
  year={2016},
  organization={ACM}
}

@article{runyan2013smartphone,
  title={A smartphone ecological momentary assessment/intervention “app” for collecting real-time data and promoting self-awareness},
  author={Runyan, Jason D and Steenbergh, Timothy A and Bainbridge, Charles and Daugherty, Douglas A and Oke, Lorne and Fry, Brian N},
  journal={PLoS One},
  volume={8},
  number={8},
  pages={e71325},
  year={2013},
  publisher={Public Library of Science}
}
