@article{vegenv,
  title={Vegetarian And 'Healthy' Diets May Actually Be Worse For The Environment, Study Finds},
  author={Docrkill, Peter},
  journal={ScienceAlert},
  year={2015},
}

@article{wthdoc,
  title={Debunking What the Health, the buzzy new documentary that wants you to be vegan},
  journal={Vox Media},
  author={Belluz, Julia},
  year={2018}
}

@article{vegenv2,
  title={The consequences if the world decided to go meat free},
  author={Galer, Sophia},
  journal={BBC},
  year={2017},
}