@article{ward2017brain,
  title={Brain drain: the mere presence of oneâ€™s own smartphone reduces available cognitive capacity},
  author={Ward, Adrian F and Duke, Kristen and Gneezy, Ayelet and Bos, Maarten W},
  journal={Journal of the Association for Consumer Research},
  volume={2},
  number={2},
  pages={140--154},
  year={2017},
  publisher={University of Chicago Press Chicago, IL}
}

@article{twenge2017have,
  title={Have smartphones destroyed a generation},
  author={Twenge, Jean M},
  journal={The Atlantic},
  volume={3},
  year={2017}
}

@article{bian2015linking,
  title={Linking loneliness, shyness, smartphone addiction symptoms, and patterns of smartphone use to social capital},
  author={Bian, Mengwei and Leung, Louis},
  journal={Social Science Computer Review},
  volume={33},
  number={1},
  pages={61--79},
  year={2015},
  publisher={Sage Publications Sage CA: Los Angeles, CA}
}
