@book{buzsaki2006rhythms,
  title={Rhythms of the Brain},
  author={Buzsaki, Gyorgy},
  year={2006},
  publisher={Oxford University Press}
}
